<?xml version="1.0" encoding="UTF-8"?>
<collection xmlns:xsi="http://www.w3.org/2001/XMLSchema-instance" xsi:schemaLocation="http://www.loc.gov/MARC21/slim http://www.loc.gov/standards/marcxml/schema/MARC21slim.xsd" xmlns="http://www.loc.gov/MARC21/slim">
<record>
  <leader>00801cam a22001931  4500</leader>
  <controlfield tag="001">3067977</controlfield>
  <controlfield tag="003">NNC</controlfield>
  <controlfield tag="005">20151019143157.0</controlfield>
  <controlfield tag="008">010817s1954    ua            000 0 ara d</controlfield>
  <datafield tag="035" ind1=" " ind2=" ">
    <subfield code="a">(OCoLC)ocm47799023</subfield>
  </datafield>
  <datafield tag="035" ind1=" " ind2=" ">
    <subfield code="9">ATP0393CU</subfield>
  </datafield>
  <datafield tag="035" ind1=" " ind2=" ">
    <subfield code="a">(NNC)3067977</subfield>
  </datafield>
  <datafield tag="040" ind1=" " ind2=" ">
    <subfield code="a">ZCU</subfield>
    <subfield code="c">ZCU</subfield>
  </datafield>
  <datafield tag="099" ind1=" " ind2=" ">
    <subfield code="a">893.795</subfield>
    <subfield code="a">Su974</subfield>
  </datafield>
  <datafield tag="100" ind1="0" ind2=" ">
    <subfield code="a">Suyūṭī,</subfield>
    <subfield code="d">1445-1505.</subfield>
  </datafield>
  <datafield tag="245" ind1="1" ind2="0">
    <subfield code="a">Mukhtaṣar Sharḥ al-Jāmiʻ al-ṣaghīr lil-Munāwī,</subfield>
    <subfield code="b">wa-huwa sharḥ al-Imām Muḥammad ʻAbd-al-Raʾūf al-Munāwī ʻalá kitāb al-Jāmiʻ al-saghīr min aḥādīth al-bashīr al-nadhīr, lil-Ḥāfiẓ Jalāl al-Dīn ʻAbd-al-Raḥman al-Suyūtī:</subfield>
    <subfield code="c">li-Muṣtafá Muhammad ʻAmārah.</subfield>
  </datafield>
  <datafield tag="260" ind1=" " ind2=" ">
    <subfield code="a">[al-Qāhirah]</subfield>
    <subfield code="b">ʻIsā al-Bābī al-Ḥalabī,</subfield>
    <subfield code="c">1373 h., 1954 m.</subfield>
  </datafield>
  <datafield tag="300" ind1=" " ind2=" ">
    <subfield code="a">2 v.</subfield>
  </datafield>
  <datafield tag="955" ind1=" " ind2=" ">
    <subfield code="b">0026816466</subfield>
    <subfield code="d">glx</subfield>
    <subfield code="e">893.795 Su974</subfield>
    <subfield code="v">v.2</subfield>
  </datafield>
</record>
</collection>